<?xml version="1.0" encoding="UTF-8"?><collection xmlns="http://www.loc.gov/MARC21/slim"><record><leader>00498nam--2200181-i-4500</leader><controlfield tag="001">000008825</controlfield><controlfield tag="002">20161230</controlfield><controlfield tag="005">20161230201027</controlfield><controlfield tag="008">060222s1000------------r-----000-0-rum-d</controlfield><datafield ind1=" " ind2=" " tag="040"><subfield code="a">IFIN-HH</subfield></datafield><datafield ind1=" " ind2=" " tag="041"><subfield code="a">rum</subfield></datafield><datafield ind1=" " ind2=" " tag="080"><subfield code="a">532</subfield></datafield><datafield ind1="1" ind2=" " tag="100"><subfield code="a">Blaga, Liviu</subfield></datafield><datafield ind1="1" ind2="0" tag="245"><subfield code="a">Fenomene izotopice stationare in fluidele din mediile poroase naturale. teza</subfield><subfield code="c">Liviu blaga</subfield></datafield><datafield ind1=" " ind2=" " tag="260"><subfield code="a">Bucuresti, Institutul De Fizica Atomica, 1968,</subfield></datafield><datafield ind1=" " ind2=" " tag="300"><subfield code="a">149 P</subfield></datafield><datafield ind1=" " ind2=" " tag="852"><subfield code="a">30301</subfield><subfield code="c">532</subfield></datafield><datafield ind1=" " ind2=" " tag="CAT"><subfield code="a">Sys</subfield><subfield code="c">20100714</subfield><subfield code="h">110909</subfield></datafield></record></collection>